
@article{wu2004modeling,
  title={Modeling and deadlock control of automated guided vehicle systems},
  author={Wu, Naiqi and Zhou, Mengchu},
  journal={IEEE/ASME transactions on mechatronics},
  volume={9},
  number={1},
  pages={50--57},
  year={2004},
  publisher={IEEE}
}

@article{wang2009autonomous,
  title={Autonomous ground vehicle control system for high-speed and safe operation},
  author={Wang, Junmin and Steiber, Joe and Surampudi, Bapiraju},
  journal={International Journal of Vehicle Autonomous Systems},
  volume={7},
  number={1-2},
  pages={18--35},
  year={2009},
  publisher={Inderscience Publishers}
}


@inproceedings{oleari2014industrial,
  title={Industrial AGVs: Toward a pervasive diffusion in modern factory warehouses},
  author={Oleari, Fabio and Magnani, Massimiliano and Ronzoni, Davide and Sabattini, Lorenzo},
  booktitle={Intelligent Computer Communication and Processing (ICCP), 2014 IEEE International Conference on},
  pages={233--238},
  year={2014},
  organization={IEEE}
}

@inproceedings{rawlings1999tutorial,
  title={Tutorial: Model predictive control technology},
  author={Rawlings, James B},
  booktitle={American Control Conference, 1999. Proceedings of the 1999},
  volume={1},
  pages={662--676},
  year={1999},
  organization={IEEE}
}

@article{mayne2000constrained,
  title={Constrained model predictive control: Stability and optimality},
  author={Mayne, David Q and Rawlings, James B and Rao, Christopher V and Scokaert, Pierre OM},
  journal={Automatica},
  volume={36},
  number={6},
  pages={789--814},
  year={2000},
  publisher={Elsevier}
}

@article{limon2006stability,
  title={On the stability of constrained MPC without terminal constraint},
  author={Lim{\'o}n, Daniel and Alamo, Teodoro and Salas, Francisco and Camacho, Eduardo F},
  journal={IEEE transactions on automatic control},
  volume={51},
  number={5},
  pages={832--836},
  year={2006},
  publisher={IEEE}
}

@article{dughman2015survey,
  title={A survey of guaranteeing feasibility and stability in MPC during target changes},
  author={Dughman, SS and Rossiter, JA},
  journal={IFAC-PapersOnLine},
  volume={48},
  number={8},
  pages={813--818},
  year={2015},
  publisher={Elsevier}
}

@article{zhang2016switched,
  title={Switched model predictive control of switched linear systems: Feasibility, stability and robustness},
  author={Zhang, Lixian and Zhuang, Songlin and Braatz, Richard D},
  journal={Automatica},
  volume={67},
  pages={8--21},
  year={2016},
  publisher={Elsevier}
}

@article{boccia2014stability,
  title={Stability and feasibility of state constrained MPC without stabilizing terminal constraints},
  author={Boccia, Andrea and Gr{\"u}ne, Lars and Worthmann, Karl},
  journal={Systems \& control letters},
  volume={72},
  pages={14--21},
  year={2014},
  publisher={Elsevier}
}

@article{mejari2014stabilization,
  title={Stabilization of 2-D Spider Crane with Non-Convex State Constraints using MPC},
  author={Mejari, Manas and Gupta, Ankit and Ketkar, Vishwanath and Datar, Mandar and Singh, Navdeep and Kazi, Faruk},
  journal={IFAC Proceedings Volumes},
  volume={47},
  number={1},
  pages={593--598},
  year={2014},
  publisher={Elsevier}
}

@article{hovgaard2013nonconvex,
  title={Nonconvex model predictive control for commercial refrigeration},
  author={Hovgaard, Tobias Gybel and Boyd, Stephen and Larsen, Lars FS and J{\o}rgensen, John Bagterp},
  journal={International Journal of Control},
  volume={86},
  number={8},
  pages={1349--1366},
  year={2013},
  publisher={Taylor \& Francis}
}

@article{liu2018convex,
  title={The convex feasible set algorithm for real time optimization in motion planning},
  author={Liu, Changliu and Lin, Chung-Yen and Tomizuka, Masayoshi},
  journal={SIAM Journal on Control and Optimization},
  volume={56},
  number={4},
  pages={2712--2733},
  year={2018},
  publisher={SIAM}
}

@inproceedings{chen2018foad,
  title={FOAD: Fast Optimization-based Autonomous Driving Motion Planner},
  author={Chen, Jianyu and Liu, Changliu and Tomizuka, Masayoshi},
  booktitle={2018 Annual American Control Conference (ACC)},
  pages={4725--4732},
  year={2018},
  organization={IEEE}
}

@inproceedings{tassa2012synthesis,
  title={Synthesis and stabilization of complex behaviors through online trajectory optimization},
  author={Tassa, Yuval and Erez, Tom and Todorov, Emanuel},
  booktitle={Intelligent Robots and Systems (IROS), 2012 IEEE/RSJ International Conference on},
  pages={4906--4913},
  year={2012},
  organization={IEEE}
}